<?xml version="1.0" encoding="UTF-8"?><collection xmlns="http://www.loc.gov/MARC21/slim"><record><leader>00391nam--2200121-i-4500</leader><controlfield tag="001">000028950</controlfield><controlfield tag="002">20161230</controlfield><controlfield tag="005">20161230201037</controlfield><controlfield tag="008">060222s1000------------r-----000-0-eng-d</controlfield><datafield ind1=" " ind2=" " tag="080"><subfield code="a">538.91:669.01(061.3)</subfield></datafield><datafield ind1=" " ind2=" " tag="245"><subfield code="a">La structure des solutions solides metalliques, orsay 9-11 juillet 1962. nr.118</subfield></datafield><datafield ind1=" " ind2=" " tag="260"><subfield code="a">Paris, Ed. Du Centre National De La Recherche Scientifique, 1962. 276p</subfield></datafield><datafield ind1=" " ind2=" " tag="852"><subfield code="a">75288</subfield></datafield></record></collection>